<?xml version="1.0" encoding="UTF-8"?><collection xmlns="http://www.loc.gov/MARC21/slim"><record><leader>00324nam--2200121-i-4500</leader><controlfield tag="001">000049823</controlfield><controlfield tag="002">20161230</controlfield><controlfield tag="005">20161230201047</controlfield><controlfield tag="008">060222s1000------------r-----000-0-eng-d</controlfield><datafield ind1=" " ind2=" " tag="100"><subfield code="a">Artamkin,V.N.,Ushakov,B.A</subfield></datafield><datafield ind1=" " ind2=" " tag="245"><subfield code="a">Neobyknovennye prevrashcheniia atomnoi energii</subfield></datafield><datafield ind1=" " ind2=" " tag="260"><subfield code="a">Moskva, Gosatomizdat, 1963. 87 S</subfield></datafield><datafield ind1=" " ind2=" " tag="852"><subfield code="a">9504</subfield></datafield></record></collection>